@online{GoProgrammingLanguage,
  title = {The {{Go Programming Language}}},
  url = {https://go.dev/},
  urldate = {2024-12-17},
  abstract = {Go is an open source programming language that makes it simple to build secure, scalable systems.},
  langid = {english},
  file = {C:\Users\kraft\Zotero\storage\UPZHZ62U\go.dev.html}
}

@online{IonicFrameworkCrossPlatform,
  title = {Ionic {{Framework}} - {{The Cross-Platform App Development Leader}}},
  url = {https://ionicframework.com/},
  urldate = {2024-12-17},
  abstract = {Ionic empowers web developers to build leading cross-platform mobile apps and Progressive Web Apps (PWAs)},
  langid = {english},
  organization = {Ionic Framework},
  file = {C:\Users\kraft\Zotero\storage\BDCQ7RYS\ionicframework.com.html}
}

@online{MariaDBFoundation,
  title = {{{MariaDB Foundation}}},
  url = {https://mariadb.org/},
  urldate = {2024-12-17},
  abstract = {â€¦ Continue reading "MariaDB Foundation"},
  langid = {american},
  organization = {MariaDB.org},
  file = {C:\Users\kraft\Zotero\storage\LBFRAKKG\mariadb.org.html}
}
