@misc{GoProgrammingLanguage,
    Author = {{Go Programming Language}},
    Howpublished = {\url{https://go.dev/}},
    Note = {Last Accessed December 17, 2024},
    Title = {{The Go Programming Language}},
    Year = {2024}
}

@misc{IonicFrameworkCrossPlatform,
    Author = {{Ionic Framework}},
    Howpublished = {\url{https://ionicframework.com/}},
    Note = {Last Accessed December 17, 2024},
    Title = {{Ionic Framework - The Cross-Platform App Development Leader}},
    Year = {2024}
}

@misc{MariaDBFoundation,
    Author = {{MariaDB Foundation}},
    Howpublished = {\url{https://mariadb.org/}},
    Note = {Last Accessed December 17, 2024},
    Title = {{MariaDB Foundation}},
    Year = {2024}
}
